<record><leader>00000cas a2200000 a 4500</leader><controlfield tag="001">10262632</controlfield><controlfield tag="008">840104d18311844mouwr ne      0    0eng  </controlfield><datafield ind1=" " ind2=" " tag="010"><subfield code="a">sn 84020003 </subfield></datafield><datafield ind1=" " ind2=" " tag="040"><subfield code="a">DLC</subfield><subfield code="b">eng</subfield><subfield code="c">DLC</subfield><subfield code="d">MQN</subfield><subfield code="d">OCL</subfield><subfield code="d">KNP</subfield><subfield code="d">MQN</subfield><subfield code="d">CNK</subfield><subfield code="d">OCL</subfield><subfield code="d">OCLCO</subfield><subfield code="d">OCLCQ</subfield><subfield code="d">OCLCF</subfield></datafield><datafield ind1=" " ind2=" " tag="012"><subfield code="b">3</subfield></datafield><datafield ind1=" " ind2=" " tag="019"><subfield code="a">2253197</subfield></datafield><datafield ind1="1" ind2=" " tag="029"><subfield code="a">AU@</subfield><subfield code="b">000020128516</subfield></datafield><datafield ind1=" " ind2=" " tag="042"><subfield code="a">msc</subfield></datafield><datafield ind1=" " ind2=" " tag="043"><subfield code="a">n-us-mo</subfield></datafield><datafield ind1="0" ind2="0" tag="050"><subfield code="a">Newspaper 8601</subfield></datafield><datafield ind1="0" ind2=" " tag="130"><subfield code="a">Jeffersonian republican (Jefferson City, Mo.)</subfield></datafield><datafield ind1="1" ind2="0" tag="245"><subfield code="a">Jeffersonian republican.</subfield></datafield><datafield ind1="1" ind2="3" tag="246"><subfield code="a">Jeffersonian</subfield></datafield><datafield ind1=" " ind2=" " tag="260"><subfield code="a">City of Jefferson, Mo. :</subfield><subfield code="b">C. Gunn</subfield></datafield><datafield ind1=" " ind2=" " tag="300"><subfield code="a">v.</subfield></datafield><datafield ind1=" " ind2=" " tag="310"><subfield code="a">Weekly</subfield></datafield><datafield ind1="1" ind2=" " tag="362"><subfield code="a">Began in Apr. 1831?</subfield><subfield code="z">Cf. Gregory, W. Amer. newspapers.</subfield></datafield><datafield ind1="1" ind2=" " tag="362"><subfield code="a">Ceased in 1844.</subfield><subfield code="z">Cf. Taft, W.H. Mo. newspapers: when and where, 1964.</subfield></datafield><datafield ind1=" " ind2=" " tag="515"><subfield code="a">Vols. 11-12 misnumbered as v. 12-13.</subfield></datafield><datafield ind1=" " ind2=" " tag="588"><subfield code="a">Description based on: Vol. 5, no. 246 (Apr. 30, 1831).</subfield></datafield><datafield ind1=" " ind2="0" tag="651"><subfield code="a">Jefferson City (Mo.)</subfield><subfield code="v">Newspapers.</subfield></datafield><datafield ind1=" " ind2="7" tag="655"><subfield code="a">Newspapers.</subfield><subfield code="2">fast</subfield><subfield code="0">(OCoLC)fst01423814</subfield></datafield><datafield ind1=" " ind2="7" tag="651"><subfield code="a">Missouri</subfield><subfield code="z">Jefferson City.</subfield><subfield code="2">fast</subfield><subfield code="0">(OCoLC)fst01205442</subfield></datafield><datafield ind1=" " ind2=" " tag="752"><subfield code="a">United States</subfield><subfield code="b">Missouri</subfield><subfield code="c">Cole</subfield><subfield code="d">Jefferson City.</subfield></datafield><datafield ind1="0" ind2="0" tag="780"><subfield code="t">Jeffersonian (Saint Charles, Mo.)</subfield><subfield code="w">(DLC)sn 84020002</subfield></datafield></record>